@online{Selvam2019,
author = {Sindhu Selvam},
title  = {Introduction to RStudio},
date   = {2019-10-08},
url    = {https://datascienceplus.com/introduction-to-rstudio/}
}

@online{Kabacoff2019,
author = {Robert I. Kabacoff},
title  = {Data Types},
date   = {2019-10-08},
url    = {https://www.statmethods.net/input/datatypes.html}
}

@online{Blischak2019,
author = {John Blischak and Daniel Chen and  Harriet Dashnow and Denis Haine},
title  = {Data Types and Structures},
date   = {2019-10-08},
url    = {https://swcarpentry.github.io/r-novice-inflammation/13-supp-data-structures/}
}

@online{tutorialspoint2019,
author = {tutorialspoint},
title  = {R - Operators},
date   = {2019-10-08},
url    = {https://www.tutorialspoint.com/r/r_operators.htm}
}